<record><leader>00955cam a2200301 a 4500</leader><controlfield tag="001">1333615</controlfield><controlfield tag="008">901102s1985    gw                0 ger c</controlfield><datafield ind1=" " ind2=" " tag="022"><subfield code="a">0172-3456</subfield></datafield><datafield ind1=" " ind2=" " tag="035"><subfield code="a">ocm45456344</subfield></datafield><datafield ind1=" " ind2=" " tag="040"><subfield code="b">eng</subfield></datafield><datafield ind1="0" ind2=" " tag="041"><subfield code="a">gereng</subfield></datafield><datafield ind1=" " ind2=" " tag="043"><subfield code="a">e-gw---</subfield></datafield><datafield ind1=" " ind2=" " tag="049"><subfield code="a">AEU</subfield><subfield code="b">eng</subfield></datafield><datafield ind1=" " ind2="3" tag="055"><subfield code="a">N 7433.4 L833</subfield><subfield code="b">A4 1985</subfield></datafield><datafield ind1="0" ind2=" " tag="090"><subfield code="a">N 7433.4 L833 A4 1985</subfield></datafield><datafield ind1="0" ind2="0" tag="245"><subfield code="a">Helmut L&#246;hr, Buchobjekte.</subfield></datafield><datafield ind1=" " ind2=" " tag="260"><subfield code="a">K&#246;ln :</subfield><subfield code="b">W. Wangler,</subfield><subfield code="c">c1985.</subfield></datafield><datafield ind1=" " ind2=" " tag="300"><subfield code="a">24 p. :</subfield><subfield code="b">ill. ;</subfield><subfield code="c">21 x 24 cm.</subfield></datafield><datafield ind1=" " ind2=" " tag="336"><subfield code="a">text</subfield><subfield code="b">txt</subfield><subfield code="2">rdacontent</subfield></datafield><datafield ind1=" " ind2=" " tag="337"><subfield code="a">unmediated</subfield><subfield code="b">n</subfield><subfield code="2">rdamedia</subfield></datafield><datafield ind1=" " ind2=" " tag="338"><subfield code="a">volume</subfield><subfield code="b">nc</subfield><subfield code="2">rdacarrier</subfield></datafield><datafield ind1=" " ind2=" " tag="500"><subfield code="a">Contains illustrations of artist's books by Helmut L&#246;hr.</subfield></datafield><datafield ind1=" " ind2=" " tag="500"><subfield code="a">Edition of 500 copies printed.</subfield></datafield><datafield ind1=" " ind2=" " tag="596"><subfield code="a">50</subfield></datafield><datafield ind1="1" ind2="0" tag="600"><subfield code="a">L&#246;hr, Helmut,</subfield><subfield code="d">1955-2010.</subfield></datafield><datafield ind1=" " ind2="0" tag="650"><subfield code="a">Artists' books</subfield><subfield code="z">Germany.</subfield></datafield><datafield ind1="1" ind2=" " tag="700"><subfield code="a">L&#246;hr, Helmut,</subfield><subfield code="d">1955-2010.</subfield></datafield><datafield ind1=" " ind2=" " tag="926"><subfield code="a">N 7433.4 L833 A4 1985</subfield><subfield code="w">LC</subfield><subfield code="c">1</subfield><subfield code="i">000034889683</subfield><subfield code="l">SPECIALCOL</subfield><subfield code="m">UASPCOLL</subfield><subfield code="p">$150.00</subfield><subfield code="r">Y</subfield><subfield code="s">Y</subfield><subfield code="t">NO_LOAN</subfield><subfield code="u">11/9/1990</subfield></datafield></record>